# New for revisions

# hyperlinks as per: https://tex.stackexchange.com/a/100800


@article{Johnston1956,
author = {Johnson, W.E.},
title = {{On the distribution of young sockeye salmon (}\emph{Oncorhynchus nerka}{) throughout a multibasin lake system}},
journal = {J. Fish. Res. Bd. Can.},
volume = {15},
number = {},
pages = {695-708},
year = {1956}
}

@article{Brett1951,
author = {Brett, J.R.},
title = {{A study of the Skeena River climatological conditions with particular reference to their significance in sockeye production}},
journal = {J. Fish. Res. Bd. Can.},
volume = {8},
number = {},
pages = {178-187},
year = {1951}
}


@article{FleishmanEvenson2010,
  author       = {S.J. Fleishman and D. Evenson},
  year         = {2010},
  title        = {{Run reconstruction, spawner-recruit analysis, and escapement goal recommendations for summer Chum Salmon in the East Fork of the Andreafsky River}},
  journal   = {ADFG Fishery Manuscript Series},
  volume    = {10–04}
}


@article{McPhersonetal2010 ,
  author       = {S.A. McPherson and E.L. Jones III and S.J. Fleishman and I.M. Boyce},
  year         = {2010},
  title        = {{Optimal production of Chinook Salmon from the Taku River through the 2001 year class}},
  journal   = {ADFG Fishery Manuscript Series},
  volume    = {10-03}
}

@article{Fairetal2011,
  author       = {L. F. Fair and S. D. Moffitt and M. J. Evenson and J. W. Erickson},
  year         = {2011},
  title        = {{Escapement goal review of Copper and Bering rivers, and Prince William Sound Pacific salmon stocks, 2011}},
  journal   = {ADFG Fishery Manuscript Series},
  volume    = {11–07}
}



@article{AdkisonData,
author = {Milo Douglas Adkison},
title = {A Review of Salmon Spawner-Recruitment Analysis: The Central Role of the Data and Its Impact on Management Strategy},
journal = {Reviews in Fisheries Science \& Aquaculture},
volume = {30},
number = {3},
pages = {391-427},
year  = {2022}
}

@article{Zabelagecomp,
author = {Zabel, R.W., Levin, P.S.},
title = {Simple assumptions on age composition lead to erroneous conclusions on the nature of density dependence in age-structured populations},
journal = {Oecologia},
volume = {133},
number = {3},
pages = {349-355},
year  = {2002}
}

@article{Rodionov2005Regimes,
    author = {Rodionov, Sergei and Overland, James E.},
    title = "{Application of a sequential regime shift detection method to the Bering Sea ecosystem}",
    journal = {ICES Journal of Marine Science},
    volume = {62},
    number = {3},
    pages = {328-332},
    year = {2005}
}


@article{Godfry1954BabineSlideEffects,
  author       = {H. Godfry and R. Hourson and J.W. Stokes and F.C. Wither},
  year         = {1954},
  title        = {{Effects of a rock slide on Babine River salmon}},
  journal   = {{Fisheries Research Board of Canada Bulletin}},
  volume = {101}
}



@article{Traxler1998BabineDisease,
author = {Traxler, G. and Richard, J. and McDonald, T.},
year = {1998},
month = {06},
pages = {143-151},
title = {Ichthyophthirius multifiliis (Ich) Epizootics in Spawning Sockeye Salmon in British Columbia, Canada},
volume = {10},
journal = {Journal of Aquatic Animal Health - J AQUAT ANIM HEALTH},
doi = {10.1577/1548-8667(1998)010<0143:IMIEIS>2.0.CO;2}
}



@article{Subbeyetal2014SRReview,
author = {S. Subbey and J.A. Devine and U. Schaarschmidt and R. D.M. Nash},
title = {Modelling and forecasting stock–recruitment: current
and future perspectives},
journal = {ICES Journal of Marine Science},
volume = {71},
pages = {2307–2322},
year  = {2014}
}







@article{HoltIrvineBMvsRP,
  author       = {C.A. Holt and J.R. Irvine},
  year         = {2013},
  title        = {{Distinguishing benchmarks of biological status from management reference points: A case study on Pacific
salmon in Canada}},
  journal   = {{Environmental Conservation}},
  volume = {40(4)},
  pages     =  {345–355}
}



@article{Freshwateretal2020Selectivity,
  author       = {C. Freshwater and K.R. Holt and A.-M. Huang and C.A. Holt},
  year         = {2020},
  title        = {{Benefits and limitations of increasing the stock-selectivity of Pacific salmon
fisheries}},
  journal   = {Ecological Applications},
  volume    = {29}
}


@article{FraserSkRPASAR,
  author       = {DFO},
  year         = {2020},
  title        = {{Recovery poyential assessment for Fraser River sockeye salmon (}\emph{Oncorhynchus nerka}{) – Nine designatable units - Part 1: Probability of achieving recovery targets}},
  journal   = {DFO Can. Sci. Advis. Sec. Sci. Advis. Rep.},
  volume    = {2020/012}
}

@article{Huangetal2021FraserSkRPA,
  author       = {A.-M. Huang and G. Pestal and I. Guthrie},
  year         = {2021},
  title        = {{Recovery Potential Assessment for Fraser River Sockeye Salmon (}\emph{Oncorhynchus nerka}{) – Nine Designatable Units: Probability of Achieving Recovery Targets - Elements 12, 13, 15, 19-22.}},
  journal   = {{DFO Can. Sci. Advis. Sec. Res. Doc.}},
  volume = {2021/043},
  pages     =  {x~+~96~p.}
}




@article{HoltPetermanOutcomeUnc,
  author       = {C.A. Holt and R.M. Peterman },
  year         = {2006},
  title        = {{Missing the target: uncertainties in achieving management goals in fisheries on Fraser River, British Columbia, sockeye salmon (}\emph{Oncorhynchus nerka}{)}},
  journal   = {{Canadian Journal of Fisheries and Aquatic Sciences}},
  volume = {63},
  pages     =  {2722-2733}
}


@article{Collieetal2012RiskFW,
  author       = {J.S. Collie and R.M. Peterman and B.M. Zuehlke},
  year         = {2012},
  title        = {{ A fisheries risk-assessment framework to evaluate trade-offs among management options in the presence of time-varying productivity}},
  journal   = {{Canadian Journal of Fisheries and Aquatic Sciences}},
  volume = {69(2)},
  pages     =  {209-223}
}


@article{HamazakietalKusko2012,
  author       = {T. Hamazaki and M. J. Evenson and S. J. Fleischman and K. L. Schaberg},
  year         = {2012},
  title        = {{Spawner-Recruit analysis and escapement goal recommendation for Chinook salmon in the Kuskokwim River Drainage}},
  journal   = {ADFG Fishery Manuscript Series},
  volume    = {12-08}
}


@article{FleischmanMcKinleyKenai2013,
  author       = {S. J. Fleischman and T. R. McKinley},
  year         = {2013},
  title        = {{Run reconstruction, spawner–recruit analysis, and escapement goal recommendation for late-run Chinook salmon in the Kenai River}},
  journal   = {ADFG Fishery Manuscript Series},
  volume    = {13-02}
}

  
@article{BernardJones2010AlsekCk,
  author       = {D.R. Bernard and  Jones, III, E. L.},
  year         = {2010},
  title        = {{Optimum escapement goals for Chinook salmon in the transboundary Alsek River}},
  journal   = {ADFG Fishery Manuscript Series},
  volume    = {11-01}
}



@article{Fleischmanetal2013CJFASStateSpace,
	author = {S. J. Fleischman and M. J. Catalano and R. A. Clark and D. R. Bernard},
	journal = {Canadian Journal of Fisheries and Aquatic Sciences},
	pages = {401–414},
	title = {{An age-structured state-space stock-recruit model for Pacific salmon (}\emph{Oncorhynchus}{ spp.)}},
	volume = {70},
	year = {2013}}



@article{IPCCscale,
	author = {M.D. Mastrandrea and K.J. Mach and G.-K. Plattner and O. Edenhofer and T.F. Stocker and C.B. Field and K.L. Ebi and P.R. Matschoss},
	journal = {Climatic Change},
	title = {{The IPCC AR5 guidance note on consistent treatment of uncertainties: a common approach across the working groups}},
	volume = {108},
	pages = {675},
	year = {2011}}







# TO DO





# TO LINK UP IN PAPER

@article{Andersonetal2015Portfolio,
  author       = {S.C. Anderson and J.W. Moore and M.M. McClure and  N.K. Dulvy and A.B.Cooper},
  year         = {2015},
  title        = {{Portfolio conservation of metapopulations under climate change.}},
  journal   = {{Ecological Applications}},
  volume = {25(2)},
  pages     =  {559-572}
}


@article{CarrHarrisetal2018SmoltMigration,
  author       = {C. Carr-Harris and J.W. Moore and A.S. Gottesfeld and J.A. Gordon and W.M. Shepert and J.D.J. Henry and H.J. Russell and W.N.B. Helin and D.J. Doolan and T.D. Beacham},
  year         = {2018},
  title        = {{Phenological diversity of salmon smolt migration timing within a large watershed.}},
  journal   = {{Transactions of the American Fisheries Society}},
  volume = {147(5)},
  pages     =  {775-790}
}


@article{Cleveland2019KitwangaRecovery,
  author       = {M. Cleveland},
  year         = {2019},
  title        = {{Kitwanga Sockeye recovery plan update.}},
  journal   = {{Gitanyow Fisheries Authority}},
  pages     =  {43~pp.}
}


@article{Freshwateretal2015WeakenedPortfolio,
  author       = {C. Freshwater and S.C. Anderson and K.R. Holt and A.-M. Huang and C.A. Holt},
  year         = {2019},
  title        = {{Weakend portfolio effects constrain management effectiveness for population aggregates}},
  journal   = {{Ecological Applications}},
  volume = {29(7)}
}






@article{Hilborn2003Biocomplexity,
  author       = {R. Hilborn and T.P. Quinn and D.E. Schindler and D.E. Rogers},
  year         = {2003},
  title        = {{Biocomplexity and fisheries sustainability}},
  journal   = {{PNAS}},
  volume = {100(11)}
}

@article{Kardos2021GeneticVariation,
  author       = {M. Kardos and E.E. Armstrong and S.W. Fitzpatric and C. Funk},
  year         = {2021},
  title        = {{The crucial role of genome-wide genetic variation in conservation}},
  journal   = {{PNAS}},
  volume = {118(48)}
}



@article{Larkin1968SkeenaPopBio,
  author       = {P.A. Larkin and J.G. McDonald},
  year         = {1968},
  title        = {{Factors in the population biology of the Sockeye salmon of the Skeena River}},
  journal   = {{Journal of Animal Ecology}},
  volume = {37(1)}
}

@article{Moore2015SellingFN,
  author       = {J.W. Moore and  C. Carr-Harris and A.S. Gottesfeld and D. Macintyre and D. Radies and M. Cleveland and C. Barnes and W. Joseph and G. Williams and B. Shepert},
  year         = {2015},
  title        = {{Selling First Nations down the river}},
  journal   = {{Science}},
  volume = {349(6248)}
}




@article{Moore2014LifeHistDiv,
  author       = {J.W. Moore and J.D. Yeakel and D. Peard and J. Lough and M. Beere},
  year         = {2014},
  title        = {{Life history diversity and its importance to population stability and persistence of a migratory fish: steelhead in two large North American watersheds}},
  journal   = {{Journal of Animal Ecology}},
  volume = {83(5)}
}



@article{Oke2020RecentDeclinesBodySize,
  author       = {K.B. Oke and C.J. Cunningham and P.A.H. Westley and M.L. Baskett and M. Carlson and J. Clark and A.P. Hendry and V.A. Karatayev and N.W. Kendall and J. Kibele and H.K. Kindsvater and K.M. Kobayashi and B. Lewis and S. Munsch and J.D. Reynolds and G.K. Vick and E.P Palkovacs},
  year         = {2020},
  title        = {{Recent declines in salmon body size impact ecosystems and fisheries}},
  journal   = {{Nature Communications}},
  volume = {11(4155)}
}



@article{Ohlbergeretal2020CkEscQual,
  author       = {J. Ohlberger and D.E. Schindler and R.J. Brown and J.M.S. Harding and M.D. Adkison and and A.R. Munro},
  year         = {2020},
  title        = {{Analysis of Changes in Quality of Chinook Salmon Escapement in the AYK Region}},
  journal   = {{Arctic-Yukon-Kuskokwim Sustainable Salmon Initiative}},
  pages = {47~p.}
}




@article{Priceetal2019Scales,
  author       = {M.H.H. Price and B.M Connors and J. Candy and B. Mcintosh and T.D. Beacham and J.W. Moore},
  year         = {2019},
  title        = {{Genetics of century-old fish scales reveal population patterns of decline}},
  journal   = {Conservation Letters},
  volume    = {12(6)}
}



@article{Priceetal2021PortfolioSimpl,
  author       = {M.H.H. Price and J.W. Moore and B.M. Connors and K.L. Wilson and J.D. Reynolds},
  year         = {2021},
  title        = {{Portfolio simplification arising from a century of change in salmon population diversity and artificial production}},
  journal   = {{Journal of Applied Ecology}}
}




@article{Rossetal2021Heatwaves,
  author       = {T. Ross and J. Jackson and C. Hannah},
  year         = {2021},
  title        = {{The Northeast pacific (2021). Update on marine heatwave status and trends}},
  journal   = {{PICES press}},
  volume = {29(1)},
  pages     =  {46-48}
}


@article{Schindleretal2010Portfolio,
  author       = {D.E. Schindler and R. Hilborn and B. Chasco and C.P. Boatright, C.P. and T.P. Quinn and L.A. Rogers and M.S. Webster},
  year         = {2010},
  title        = {{Population diversity and the portfolio effect in an exploited species}},
  journal   = {{Nature}},
  volume = {465},
  pages     =  {609-612}
}


@incollection{SchaulGeiger2016ClimateCoho,
  author    = {L.D. Schaul and H.J. Geiger},
  editor    = {S. Urawa and M. Trudel and R.J. Beamish and E.V. Farley and J.R. Guyon and J.R. Irvine and T. Saito and A.V. Zavolokin and O.S. Temnykh and N.D. Davis},
  title     = {{Effects of climate and competition for offshore prey on growth, survival and reproductive potential of coho salmon in Southeast Alaska}},
  booktitle = {Bulletin 6: Pacific salmon and steelhead production in a changing climate: Past, present and future},
  year      = {2016},
  publisher = {North Pacific Anadromous Fish Commission}
}


  

























#############################################################################################
#
# CSAS PROCESS


@article{SkeenaNassSkSAR,
  author       = {DFO},
  year         = {2023},
  title        = {{Biological benchmarks and  building blocks for aggregate-level management targets for Skeena and Nass Sockeye Salmon (}\emph{Oncorhynchus nerka}{)}},
  journal   = {DFO Can. Sci. Advis. Sec. Sci. Advis. Rep.},
  volume    = {2023/008}
}

@article{SkeenaNassSkPRO,
  author       = {DFO},
  year         = {2022},
  title        = {{Proceedings of the Pacific regional peer review on biological benchmarks and building blocks for developing aggregate-level management targets for Skeena and Nass Sockeye Salmon, British Columbia; April 26-28, 2022}},
  journal   = {DFO Can. Sci. Advis. Sec. Proceed. Ser.},
  volume    = {2022/041}
}






############
# Mgmt Adjustment


@article{FraserSKEnroute,
  author       = {K.A. Dionne and D.A. Patterson},
  year         = {2021},
  title        = {Improvements to predicting en-route loss estimates for Fraser sockeye salmon},
  journal   = {Report submitted to the Pacific Salmon Commission}
}


@incollection{FraseSkMgmtAdjFAO2021,
  author    = {SCH Grant and J Nener and B.L. MacDonald and J.L. Boldt and J. King and D.A. Patterson and K.A. Robinson and S. Wheeler},
  editor    = {T. ​Bahri and M. Vasconcellos and D.J. Welch and J. Johnson and R.I. Perry and X. Ma and R. Sharma},
  title     = {Chapter 16. Canadian Fraser River sockeye salmon: a case study},
  booktitle = {Adaptive management of fisheries in response to climate change. FAO Fisheries and Aquaculture Technical Paper No. 667},
  year      = 2021,
  publisher = {FAO}
}







@article{PetermanDorner2011Fraser,
  author       = {R.M. Peterman and B. Dorner},
  year         = {2011},
  title        = {{Fraser River Sockeye Production Dynamics}},
  journal   = {Technical Report 10 of the The Cohen Commission of Inquiry
into the Decline of Sockeye Salmon in the Fraser River },
}





############################
# TWG REPORTS


@article{SkeenaNassSkDataRep ,
  author       = {G.P. Pestal and C. Carr-Harris and S. Cox-Rogers and K. English and R. Alexander and {the Skeena Nass Sockeye Technical Working Group}},
  year         = {In Review},
  title        = {{Review of Spawner and Recruit Data for Sockeye Salmon(}\emph{Oncorhynchus nerka}{) from the Skeena and Nass Basins, British Columbia}},
  journal   = {Cdn Tech. Rep. Fish. Aqu. Sc. },
  volume    = {###},
  pages     = {ix + 185 p}
}


 
@article{SkeenaNassSkStockOverview,
  author       = {GP Pestal and C Carr-Harris and S Cox-Rogers and K English and R Alexander and the Skeena Nass Sockeye Technical Working Group},
  year         = {2022},
  title        = {Stock Overview for Sockeye Salmon (\emph{Oncorhynchus nerka}) from the Skeena and Nass Basins, British Columbia},
  journal   = {Cdn Tech. Rep. Fish. Aqu. Sc. },
  volume    = {TBI},
  pages     = {TBI}
}



########################################
# HBM



# article{MeyerMillar1999,
#	author = {Meyer, R. and Millar, R.B.,},
#	date-added = {2022-03-22 11:59:00 -0700},
#	date-modified = {2022-03-22 12:02:46 -0700},
#	journal = {Canadian Journal of Fisheries and Aquatic Sciences},
#	pages = {1078-1086},
#	title = {BUGS in Bayesian stock assessments},
#	volume = {56},
#	year = {1999}}

# article{MichielsensMcAllister2004,
#	author = {Michielsens, Catherine G J and McAllister, Murdoch},
#	date-added = {2022-03-22 10:36:32 -0700},
#	date-modified = {2022-03-22 10:38:09 -0700},
#	journal = {Canadian Journal of Fisheries and Aquatic Sciences},
#	number = {6},
#	pages = {1032-1047},
#	title = {A Bayesian Hierarchical Analysis of Stock-Recruit Data: Quantifying Structural and Parameter Uncertainties},
#	volume = {61},
#	year = {2004}}

# techreport{KormanEnglish2013,
#	author = {Korman, J. and English, K.K.},
#	date-added = {2022-03-22 09:58:37 -0700},
#	date-modified = {2022-03-22 10:05:03 -0700},
#	title = {\link{https://salmonwatersheds.ca/library/lib_318/}{Benchmark Analysis for Pacific Salmon Conservation Units in the Skeena Watershed}},
#	type = {Report prepared for the Pacific Salmon Foundation},
#	year = {2013}}



@article{KormanEnglish2013,
	author = {J. Korman and K.K. English},
	title = {{Benchmark analysis for Pacific salmon conservation units in the Skeena watershed}},
	journal = {
	\link{https://salmonwatersheds.ca/library/lib_318}{Report prepared for the Pacific Salmon Foundation (March 2022)}},
	year = {2013}
}






@article{MichielsensMcAllister2004,
	author = {Michielsens, Catherine G J and McAllister, Murdoch},
	date-added = {2022-03-22 10:36:32 -0700},
	date-modified = {2022-03-22 10:38:09 -0700},
	journal = {Canadian Journal of Fisheries and Aquatic Sciences},
	number = {6},
	pages = {1032-1047},
	title = {{A Bayesian hierarchical analysis of stock-recruit data: quantifying structural and parameter uncertainties}},
	volume = {61},
	year = {2004}
}


@article{MeyerMillar1999,
	author = {Meyer, R. and Millar, R.B.,},
	date-added = {2022-03-22 11:59:00 -0700},
	date-modified = {2022-03-22 12:02:46 -0700},
	journal = {Canadian Journal of Fisheries and Aquatic Sciences},
	pages = {1078-1086},
	title = {{BUGS in Bayesian stock assessments}},
	volume = {56},
	year = {1999}}



@article{PrevostOthers2003,
    author = {Prévost, Etienne and Parent, Eric and Crozier, Walter and Davidson, Ian and Dumas, Jacques and Gudbergsson, Gudni and Hindar, Kjetil and McGinnity, Phil and MacLean, Julian and Sættem, Leif M},
    title = {{Setting biological reference points for Atlantic salmon stocks: transfer of information from data-rich to sparse-data situations by Bayesian hierarchical modelling}},
    journal = {ICES Journal of Marine Science},
    volume = {60},
    number = {6},
    pages = {1177-1193},
    year = {2003}
}

@article{SuPetermanHaeseker2004,
  author = {Su, Zhenming and Peterman, Randall M and Haeseker, Steven L},
  title = {{Spatial hierarchical Bayesian models for stock-recruitment analysis of pink salmon (\emph{Oncorhynchus gorbuscha})}},
  journal = {Canadian Journal of Fisheries and Aquatic Sciences},
  volume = {61},
  number = {12},
  pages = {2471-2486},
  year = {2004}
}

@article{Clark2004,
  author = {Clark, James S},
  title = {{Why environmental scientists are becoming Bayesians}},
  journal = {Ecology Letters},
  volume = {8},
  number = {1},
  pages = {2-14},
  year = {2004}
}



@article{ForestOthers2010,
  author = {Forrest, Robyn E. and McAllister, Murdoch K. and Dorn, Martin W. and Martell, Steven J.D. and Stanley, Richard D.},
  title = {{Hierarchical Bayesian estimation of recruitment parameters and reference points for Pacific rockfishes (\emph{Sebastes} spp.) under alternative assumptions about the stock–recruit function}},
  journal = {Canadian Journal of Fisheries and Aquatic Sciences},
  volume = {67},
  number = {10},
  pages = {1611-1634},
  year = {2010}
}


@article{PulkkinenOthers2011,
  author = {Pulkkinen, Henni and  Mäntyniemi, Samu  and  Kuikka1, Sakari and  Levontin, Polina},
  title = {{More knowledge with the same amount of data: advantage of accounting for parameter correlations in hierarchical meta-analyses}},
  journal = {Marine Ecology Progress Series},
  volume = {443},
  pages = {29-37},
  year = {2011}
}


@book{GelmanOthers2004,
	author = {Gelman, A. and Carlin, J.B. and Stern, H.S. and Rubin, D.B.},
	publisher = {Chapman and Hall, New York.},
	title = {{Bayesian data analysis}},
	year = {2004}
}






#############################################


@book{HilbornWalters1992,
	author = {Hilborn, R. and Walters, C.J.},
	date-added = {2022-03-22 09:45:07 -0700},
	date-modified = {2022-03-22 09:48:00 -0700},
	publisher = {Chapman and Hall, London.},
	title = {Quantitative fisheries stock assessment, choice, dynamics and uncertainty},
	year = {1992}}


@inbook{Geweke1992,
                author = {Geweke, J.},
                chapter = {Evaluating the accuracy of sampling-based approaches to calculating posterior moments},
                date-added = {2022-03-29 14:55:57 -0700},
                date-modified = {2022-03-29 14:59:50 -0700},
                editor = {Bernado, J.M. and Berger, J.O., and Dawid, A.P. and Smith, A.F.M},
                publisher = {Clarendon Press, Oxford, UK},
                title = {Bayesian Statistics 4},
                year = {1992}}

 

@article{BrooksGelman1998,
                author = {Brooks, S.P. and Gelman, A.},
                date-added = {2022-03-29 14:49:25 -0700},
                date-modified = {2022-03-29 14:50:27 -0700},
                journal = {Journal of Computational and Graphical Statistics},
                pages = {434-455},
                title = {General methods for monitoring convergence of iterative simulations},
                volume = {7},
                year = {1998}}

 

@article{GelmanRubin1992,
                author = {Gelman, A. and Rubin, D.B.},
                date-added = {2022-03-29 14:47:47 -0700},
                date-modified = {2022-03-29 14:49:14 -0700},
                journal = {Statistical Science},
                pages = {457-511},
                title = {Inference from iterative simulation using multiple sequences},
                volume = {7},
                year = {1992}}

############################
#

@article{CosewicMetrics2021,
  author       = {COSEWIC},
  year         = {2020},
  title        = { \link{https://cosewic.ca/index.php/en-ca/assessment-process/wildlife-species-assessment-process-categories-guidelines/quantitative-criteria.html}{Table 2. Committee on the Status of Endangered Wildlife in Canada (COSEWIC) quantitative criteria and guidelines for the status assessment of wildlife species}},
  journal   = {{COSEWIC wildlife species assessment: quantitative criteria and guidelines}}
 
}



#################################################################################
# CODE


@MISC{Plummer03jags,
    author = {Martyn Plummer},
    title = {JAGS: A program for analysis of Bayesian graphical models using Gibbs sampling},
    year = {2003}
}



  @Manual{R2jags,
    title = {\link{https://CRAN.R-project.org/package=R2jags}{R2jags: Using R to Run 'JAGS'}},
    author = {Y.-S. Su and M. Yajima},
    year = {2020},
    note = {R package version 0.6-1}
	
  }



@article{RapidRicker,
  author       = {G. Pestal and C. Carr-Harris and S. CoxRogers},
  year         = {2022},
  title        = {\link{https://github.com/SOLV-Code/RapidRicker}{\emph{RapidRicker}: R package to run spawner-recruit data quality checks and test the sensitivity of standard biological benchmarks.}}
}


@article{Walters1990BiasCorr,
  author       = {C.J. Walters},
  year         = {1990},
  title        = {{A  partial  bias  correction  factor  for  stock–recruitment  parameters  in  the  presence  of  autocorrelated  environmental effects}},
  journal   = {{Canadian Journal of Fisheries and Aquatic Sciences.}},
  volume = {47},
  pages     =  {516–519}
}


@article{Hilborn1985Proxies,
  author       = {R. Hilborn},
  year         = {1985},
  title        = {{Simplified  calculation  of  optimum  spawningstock  size  from  Ricker’s  stock  recruitment  curve}},
  journal   = {{Canadian Journal of Fisheries and Aquatic Sciences.}},
  volume = {42},
  pages     =  {1833–1834}
}

@article{PetermanPyperGrout2000ParEst,
  author       = {R.M. Peterman and B.J. Pyper and J.A. Grout},
  year         = {2000},
  title        = {{Comparison of parameter estimation methods for detecting climate-induced changes in productivity of Pacific salmon (}\emph{Oncorhynchus spp.}{)}},
  journal   = {{Canadian Journal of Fisheries and Aquatic Sciences.}},
  volume = {57},
  pages     =  {181-191}
}


@article{Scheuerell2016,
  author       = {M.D. Scheuerell},
  year         = {2016},
  title        = {{An explicit solution for calculating optimum spawning stock size from Ricker’s stock recruitment model}},
  journal   = {{PeerJ}},
  pages     =  {PMID:27004147}
}


@article{Connorsetal2022,
  author       = {B.M. Connors and C. Cunningham and C.A. Bradley and T. Hamazaki and Z.W. Liller},
  year         = {2023},
  title        = {{Estimates of biological benchmarks for the Canadian-origin Yukon River mainstem Chinook salmon (}\emph{Oncorhynchus tshawytscha}{) stock aggregate}},
  journal   = {{DFO Can. Sci. Advis. Sec. Res. Doc.}},
  volume = {2022/031},
  pages     =  { iv~+~105~p.}
}







@article{HoltOgden2013,
  author       = {C.A. Holt and A. Ogden},
  year         = {2013},
  title        = {{Software for assessing status of Conservation Units under  Canada’s Wild Salmon Policy: Instructional manual}},
  journal   = {{Can. Tech. Rep. Fish. Aquat. Sci.}},
  volume = {3058},
  pages     =  {vi~+~43~p.}
}


@article{samSim,
  author       = {C.A. Holt and B. Davis and D. Dobson and L. Godbout and W. Luedke and J. Tadey, J., and P. Van Will},
  year         = {2018},
  title        = {{Evaluating Benchmarks of Biological Status for Data-limited Conservation Units of Pacific
Salmon, Focusing on Chum Salmon in Southern BC}},
  journal   = {{DFO Can. Sci. Advis. Sec. Res. Doc.}},
  volume = {2018/011},
  pages     =  {ix~+~77~p.}

}



@article{samSimPackage,
  author       = {C. Freshwater and K. Holt and C. Holt and C. Wor and D. Greenberg},
  year         = {2025},
  title        = {{Pacific-salmon-assess/samSim: samSim (v1.0.0). }{\link{https://doi.org/10.5281/zenodo.14630817}{Zenodo}}}
}



@article{SchnuteKronlund1996Equprof,
  author       = {J.T. Schnute and A.R. Kronlund},
  year         = {1996},
  title        = {{A management oriented approach to stock recruitment analysis}},
  journal   = {{Canadian Journal of Fisheries and Aquatic Sciences.}},
  volume = {53(6)},
  pages     =  {1281-1293}
}


@article{JagsConversion,
  author       = {D.S. LeBauer, M.C. Dietze, B.M. Bolker},
  year         = {2013},
  title        = {{Translating Probability Density Functions: From R to BUGS and Back Again}},
  journal   = {{The R Journal}},
  volume = {5/1},
  pages     =  {207-209}

}


@article{WinBUGSManual,
  author       = {D. Spiegelhalter and A. Thomas and N. Best and D. Lunn},
  year         = {2003},
  title        = {\link{https://www.mrc-bsu.cam.ac.uk/wp-content/uploads/manual14.pdf}{WinBUGS User Manual Version 1.4, January 2003}}
}

################
# LRP GUIDELINES


@article{LRPGuidelinesSAR,
  author       = {DFO},
  year         = {2022},
  title        = {{Methodologies and guidelines for defining Limit Reference Points for Pacific Salmon}},
  journal   = {DFO Can. Sci. Advis. Sec. Sci. Advis. Rep.},
  volume    = {2022/030}
}





#############
# MODEL SELECTION


@article{BoxModelsWrong,
  author       = {G.E.P. Box},
  year         = {1979},
  title        = {{Robustness in the strategy of scientific model building}},
  journal   = {in Launer, R. L.; Wilkinson, G. N. (eds.), Robustness in Statistics, Academic Press},
  volume    = { 27(1)},
  pages     = {201–236}
}







### Habitat Priors



@article{Bodtkeretal2007,
  author       = {K. Bodtker and R.M. Peterman and M.J. Bradford },
  year         = {2007},
  title        = {{Accounting for Uncertainty in Estimates of Escapement Goals for Fraser River Sockeye Salmon Based on Productivity of Nursery Lakes in British Columbia, Canada}},
  journal   = {North American Journal of Fisheries Management},
  volume    = { 27(1)},
  pages     = {286-302}
}



### Changing Prod

@article{CkCov2017,
  author       = {B. Dorner and M.J. Catalano and R.M. Peterman},
  year         = {2018},
  title        = {{Spatial and temporal patterns of covariation in productivity of Chinook salmon populations of the northeastern Pacific Ocean}},
  journal   = {Canadian Journal of Fisheries and Aquatic Sciences},
  volume    = { 75(7)},
  pages     = {1082-1095}
}



@article{PetermanDorner2012,
  author       = {R.M. Peterman and B. Dorner},
  year         = {2012},
  title        = {{A widespread decrease in productivity of sockeye salmon (} \emph{Oncorhynchus nerka}{) populations in western North America}},
  journal   = {Canadian Journal of Fisheries and Aquatic Sciences},
  volume    = { 69},
  pages     = {1255–1260}
}


@article{PetermanPyperMacGregor2003KF,
  author       = {R.M. Peterman and B.J. Pyper and B.W. MacGregor},
  year         = {2003},
  title        = {{Use of the Kalman filter to reconstruct historical trends in productivity of Bristol Bay sockeye salmon (}\emph{Oncorhynchus nerka}{)}},
  journal   = {{Canadian Journal of Fisheries and Aquatic Sciences.}},
  volume = {60(7)},
  pages     =  {809-824}
}


@article{HoltMichielsens2020RecBayes,
  author       = {C.A. Holt and C.G.J. Michielsens},
  year         = {2020},
  title        = {{Impact of time-varying productivity on estimatedstock–recruitment parameters and biological reference points}},
  journal   = {{Canadian Journal of Fisheries and Aquatic Sciences.}},
  volume = {77},
  pages     =  {836–847}
}






@article{CTC2019Rep,
  author       = {{Chinook Technical Committee}},
  year         = {2020},
  title        = {{Annual Report of catch and escapement for 2019}},
  journal   = {PSC CTC Tech. Rep.},
  volume    = {20-01}
}



@article{ConnorsAtnarkoSk,
  author       = {B. Connors and W. Atlas and C. Melymick and M. Moody and J. Moody and A. Frid},
  year         = {2019},
  title        = {{Conservation Risk and Uncertainty in Recovery Prospects for a Collapsed and Culturally Important Salmon Population in a Mixed-Stock Fishery}},
  journal   = {Marine and Coastal Fisheries},
  volume    = {11(6)},
  pages     =  {423-436}
}


@article{Atlasetal2021HabitatDyn,
  author       = {W.I. Atlas and C.A. Holt and D.T. Selbie and B.M. Connors and S. Cox-Rogers and C. Carr-Harris and E. Hertz and J.W. Moore},
  year         = {2021},
  title        = {{Linking habitat and population dynamics to inform conservation benchmarks for data-limited salmon stocks}},
  journal   = {bioRxiv preprint}
}


@article{Atlasetal2020Limno,
  author       = {W.I. Atlas and D.T. Selbie and C.A. Holt and S. Cox-Rogers and C. Carr-Harris and K.J. Pitman and J.W. Moore},
  year         = {2020},
  title        = {{Landscape and biophysical controls of lake productivity to inform evaluation of sockeye salmon (Oncorhynchus nerka populations in data-limited regions}},
  journal   = {Limnology and Oceanography},
  volume = {65(9)},
 pages     =  {1-15}
}




########################################################
# WSP IMPLEMENTATION


@article{HoltbyCiruna2007,
  author       = {L. B. Holtby and C. Ciruna},
  year         = {2007},
  title        = {Conservation Units for Pacific Salmon under the Wild Salmon
Policy},
  journal   = {DFO Can. Sci. Advis. Sec. Res. Doc.},
  volume    = {2007/070},
  pages     = {viii + 350~p}
}


@article{CURev2019,
  author       = {J. Wade and S. Hamilton and B. Baxter and G. Brown and S.C.H. Grant and C. Holt and M. Thiess and R. Withler},
  year         = {2019},
  title        = {Framework for reviewing and approving revisions to Wild Salmon Policy conservation units},
  journal   = {DFO Can. Sci. Advis. Sec. Res. Doc.},
  volume    = {2019/015},
  pages     = {v~+~29~p}
}


@article{FrSkWSPBM,
  author       = {S.C.H. Grant and B.L. MacDonald and T.E. Cone and C.A. Holt and A. Cass and E.J. Porszt and J.M.B. Hume and L.B. Pon},
  year         = {2011},
  title        = {{Evaluation of Uncertainty in Fraser Sockeye (}{\emph{Oncorhynchus nerka}}{) Wild Salmon Policy Status using Abundance and Trends in Abundance Metrics}},
  journal   = {DFO Can. Sci. Advis. Sec. Res. Doc.},
  volume    = {2011/087},
  pages = {viii~+~183~p}
}

@article{Holtetal2009BM,
  author       = {C. Holt and A. Cass and B. Holtby and B. Riddell},
  year         = {2009},
  title        = {Indicators of status and benchmarks for conservation units in Canada’s Wild Salmon Policy},
  journal   = {{DFO Can. Sci. Advis. Sec. Res. Doc. 2009/058}},
  pages     = {viii~+~74~p}
}


@article{FrSkWSPStatus2012,
  author       = {S.C.H. Grant and G. Pestal},
  year         = {2012},
  title        = {{Integrated Biological Status Assessments Under the Wild Salmon Policy Using Standardized Metrics and Expert Judgement: Fraser River Sockeye Salmon (}{\emph{Oncorhynchus nerka}}{) Case Studies}},
  journal   = {DFO Can. Sci. Advis. Sec. Res. Doc.},
  volume    = {2012/106},
  pages = {v~+~132~p}
}


@article{FrSkWSPStatus2017,
  author       = {S.C.H. Grant and C.A. Holt and G. Pestal and B.M. Davis and B.L. MacDonald},
  year         = {2020},
  title        = {{The 2017 Fraser Sockeye Salmon (}{\emph{Oncorhynchus nerka}}{) Integrated Biological Status Re-Assessments Under the Wild Salmon Policy Using Standardized Metrics and Expert Judgment}},
  journal   = {DFO Can. Sci. Advis. Sec. Res. Doc.},
  volume    = {2020/038},
  pages = {vii~+~211~p}
}



@article{FrSkWSPStatus2017SAR,
  author       = {DFO},
  year         = {2018},
  title        = {{The 2017 Fraser Sockeye Salmon (}{\emph{Oncorhynchus nerka}}{) Integrated Biological Status Re-Assessments Under the Wild Salmon Policy }},
  journal   = {DFO Can. Sci. Advis. Sec. Sci. Advis. Rep.},
  volume    = {2018/017}
}


@article{SBCCkWSPStatus2012SAR,
  author       = {DFO},
  year         = {2016},
  title        = {{Integrated Biological Status of Southern British Columbia Chinook Salmon  (}{\emph{Oncorhynchus tshawytscha}}{) Under the Wild Salmon Policy}},
  journal   = {DFO Can. Sci. Advis. Sec. Sci. Advis. Rep.},
  volume    = {2016/042}
}



@article{IFCohoWSPStatus2013SAR,
  author       = {DFO},
  year         = {2015},
  title        = {{Wild salmon policy biological status assessment for conservation units of interior Fraser River Coho Salmon (}{\emph{Oncorhynchus kisutch}}{)}},
  journal   = {DFO Can. Sci. Advis. Sec. Sci. Advis. Rep.},
  volume    = {2015/022}
}





@article{RapidStatusTechRep1 ,
  author       = {G. Pestal and B.L. MacDonald and S.C.H. Grant and C.A. Holt},
  year         = {2023},
  title        = {\link{https://waves-vagues.dfo-mpo.gc.ca/library-bibliotheque/41207890.pdf}{State of the Salmon: rapid status assessment approach for Pacific salmon under Canada’s Wild Salmon Policy}},
  journal   = {Cdn Tech. Rep. Fish. Aqu. Sc. },
  volume    = {3570},
  pages     = {xiv~+~200~p.}
}




#################################################################################
# GENERAL


@article{GrantetalClimate ,
  author       = {S.C.H. Grant and B.L. MacDonald and M.L. Winston},
  year         = {2019},
  title        = {State of Canadian Pacific Salmon: Responses to Changing Climate and Habitats },
  journal   = {Cdn Tech. Rep. Fish. Aqu. Sc. },
  volume    = {3332},
  pages     = {ix + 50 p}
}

@article{CdnLandslides ,
  author       = {C. Cloutier and J. Locat and M. Geertsema and M. Jakob and M. Schnorbus},
  year         = {2017},
  title        = {Potential impacts of climate change on landslides occurrence in Canada},
  journal   = {In{:} K. Ho, S. Lacasse, and L. Picarelli (e.d). 2017. Slope Safety Preparedness for Impact of Climate Change. CRC Press }
}





@article{SimonLarkinStocks ,
  author       = {R.C. Simon and P.A. Larkin},
  year         = {1970},
  title        = {The stock concept in {Pacific Salmon}},
  journal   = {{Institute of Animal Resource Ecology, University of British Columbia}},
  pages     = {231 p}
}


@article{BurgnerLifeHist ,
  author       = {R.L. Burgner},
  year         = {1991},
  title        = {{Life History of Sockeye Salmon (\emph{Oncorhynchus nerka}} },
  journal   = {{In: C. Groot and L. Margolis (e.d). 1991. Pacific Salmon Life Histories. UBC Press} }
}


@article{Folkes2018FrSkDiv,
  author       = { M.J.P. Folkes and R.E. Thomson and R.A.S. Hourston},
  year         = {2018},
  title        = {Evaluating Models to Forecast Return Timing and Diversion Rate of Fraser Sockeye Salmon},
  journal   = {DFO Can. Sci. Advis. Sec. Res. Doc.},
  volume    = {2017/021},
  pages     = {vi + 220~p}
}

@article{English2007FrSkRR,
  author       = { K.K. English and R.E. Bailey and D. Robichaud},
  year         = {2018},
  title        = {{Assessment of chinook salmon returns to the Fraser River watershed using run reconstruction techniques, 1982-04}},
  journal   = {DFO Can. Sci. Advis. Sec. Res. Doc.},
  volume    = {2007/020},
  pages     = {vi + 76~p}
}


@article{MillerPestalTakuSk,
  author       = { S.E. Miller and G.P. Pestal},
  year         = {2020},
  title        = {{Estimates of a Biologically-Based Spawning Goal and Management Benchmarks for the Canadian-Origin Taku River Sockeye Salmon Stock Aggregate}},
  journal   = {DFO Can. Sci. Advis. Sec. Res. Doc.},
  volume    = {2020/035},
  pages     = {vii + 73~p}
}



@article{PestalJohnstonTakuCo,
  author       = {G.P. Pestal and S. Johnston},
  year         = {2015},
  title        = {{Estimates of a Biologically-Based Spawning Goal and Biological Benchmarks for the Canadian-Origin Taku River Coho Stock Aggregate}},
  journal   = {DFO Can. Sci. Advis. Sec. Res. Doc.},
  volume    = {2015/048},
  pages     = {ix + 114~p}
}


@article{Clarketal2014PercBM,
  author       = {R. A. Clark and D. M. Eggers and A. R. Munro and S. J. Fleischman and B. G. Bue and J. J. Hasbrouck},
  year         = {2014},
  title        = {{An evaluation of the percentile approach for establishing Sustainable Escapement Goals in lieu of stock productivity information}},
  journal   = {ADFG Fishery Manuscript Series},
  volume    = {14-06}
}


@article{EggersBernard2011Alsek,
  author       = {D.M. Eggers and D.R. Bernard},
  year         = {2011},
  title        = {{Run reconstruction and escapement goals for Alsek River Sockeye Salmon}},
  journal   = {ADFG Fishery Manuscript Series},
  volume    = {11-01}
}


@article{HilbornPGY,
  author       = {R. Hilborn},
  year         = {2010},
  title        = {{Pretty Good Yield and exploited fishes}},
  journal   = {Marine Policy},
  volume    = {34(1)},
  pages     = {193-196}
}

@article{HilbornPeterman1996PrecApp,
  author       = {R. Hilborn and R.M. Peterman},
  year         = {1996},
  title        = {{The development of scientific advice with incomplete information in the context of the precautionary approach}},
  journal   = {FAO Fish. Tech. Pap.},
  volume    = {350(2)},
  pages     = {77-101}
}


@article{deYoungetal1999UncertainWorld,
  author       = {B. deYoung and R.M.Peterman and A.R.Dobell and E. Pinkerton and Y. Breton and A.T. Charles and  M.J. Fogarty and G.R. Munro and C.T. Taggart },
  year         = {1999},
  title        = {{Canadian Marine Fisheries in a Changing and Uncertain World}},
  journal   = {Can. Spec. Publ. Fish. Aquat. Sci.},
  volume    = {129},
  pages     = {199~p}
}





@article{PuntetalMSEBestPractices,
  author       = {A.E. Punt and D.S. Butterworth and C.L. de Moor and J.A.A De Oliveira and M. Haddon },
  year         = {2016},
  title        = {{Management strategy evaluation: best practices}},
  journal   = {Fish and Fisheries},
  volume    = {17},
  pages     = {303–334}
}



@article{Berger2019timeVar,
  author       = {A.M Berger},
  year         = {2019},
  title        = {{Character of temporal variability in stock productivity influences the utility of dynamic reference points}},
  journal   = {Fisheries Research},
  volume    = {217},
  pages     = {185-197}
}

@article{OLearyetal2020TimeVar,
  author       = {C.A. O'Leary and  J. T. Thorson and T. J. Miller and J. A. Nye},
  year         = {2020},
  title        = {{Comparison of multiple approaches to calculate time-varying biological reference points in climate-linked population-dynamics models}},
  journal   = {ICES Journal of Marine Science},
  volume    = {77(3)},
  pages     = {930-941}
}


@article{Puntetall2014HCR,
  author       = {A. E. Punt and T. A'mar and N. A. Bond and D. S. Butterworth and C. L. de Moorand J. A. A. De Oliveira and M. A. Haltuch and A. B. Hollowed and C. Szuwalski},
  year         = {2014},
  title        = {{Fisheries management under climate and environmental uncertainty: control rules and performance simulation}},
  journal   = {ICES Journal of Marine Science},
  volume    = {71},
  pages     = {2208-2220}
}

@article{Samsim1,
  author       = {C.A. Holt and C. Freshwater and K. Holt and A.-M. Huang},
  year         = {2020},
  title        = {{A quantitative tool for evaluating rebuilding plans for Pacific salmon}},
  journal   = {Can. Tech. Rep. Fish. Aquat. Sci.},
  volume    = {3402},
  pages     = {v + 26~p}
}

@article{Samsim2,
  author       = {Freshwater, C. and S. Anderson and K. Holt, A. M. Huang and C. Holt},
  year         = {2019},
  title        = {{Weakened portfolio effects constrain management effectiveness for population aggregates}},
  journal   = {Ecological Applications},
  volume    = {29}
}

@article{Samsim3,
  author       = {Freshwater, C. and K. R. Holt and A.-M. Huang and C. A. Holt},
  year         = {2020},
  title        = {{Benefits and limitations of increasing the stock-selectivity of Pacific salmon fisheries}},
  journal   = {Fisheries Research},
  volume    = {226}
}


@article{Mckinneletal2001,
  author       = {S.M. McKinnell and C.C. Wood and D.T. Rutherford and  K.D. Hyatt and D.W. Welch},
  year         = {2001},
  title        = {{The demise of Owikeno Lake sockeye salmon}},
  journal   = {North American Journal of Fisheries Management},
  volume    = {21(4)},
  pages     = {774-791}
}


@article{Rutherfordetal2000,
  author       = {D.T. Rutherford and C.C. Wood},
  year         = {2000},
  title        = {{Assessment of Rivers and Smith Inlet Sockeye salmon with commentary on small Sockeye salmon stocks in Statistical Area 8}},
  journal   = {Canadian Stock Assessment Secretariat Research Document},
  volume    = {2000/162},
 }






##########################################################################################
# POLICIES AND TREATIES

 
@article{NisgaaFinalAg ,
  author       = {{British Columbia, Canada, and Nisga'a Lisims Government}},
  year         = {2000},
  title        = {{Nisga'a Final Agreement} }
}

@article{PST,
  author       = {{Pacific Salmon Commission}},
  year         = {2020},
  title        = {{Treaty Between the Government of Canada and the
Government of the United States of America Concerning
Pacific Salmon}}
}


@article{WSP,
  author       = {DFO},
  year         = {2005},
  title        = {Canada's {Policy for the Conservation of Wild Pacific Salmon}},
  journal   = {{Fisheries and Oceans Canada}},
  pages     = {57p}
}


@article{NewFisheriesAct,
  author       = {{Government of Canada}},
  year         = {2019},
  title        = {{An Act to amend the Fisheries Act and other Acts in consequence}}
}




@article{WSPImplementation,
  author       = {DFO},
  year         = {2018},
  title        = {Wild Salmon Policy 2018 to 2022 Implementation Plan},
  journal   = {{Fisheries and Oceans Canada}},
  pages     = {53p}
}

@article{WSPImplementationAddendum,
  author       = {DFO},
  year         = {2021},
  title        = {{Wild Salmon Policy (WSP) 2018 to 2022 Implementation Plan addendum}},
  journal   = {{Fisheries and Oceans Canada}},
  pages     = {6p}
}


@article{IndigenousFoundations2020,
  author       = {{Indigenous Foundations}},
  year         = {2020},
  title        = {\link{http://indigenousfoundations.arts.ubc.ca/aboriginal_fisheries_in_british_columbia}{Aboriginal Fisheries in British Columbia}}
}


@article{PFRCCTEK,
  author       = {C. Murray and K. Wieckowski and D. Hurlburt and C. Soto and K. Johnnie},
  year         = {2011},
  title        = {{Incorporation of Traditional and
Local Ecological Knowledge and Values in Fisheries Management}},
  journal   = {{Final Report. Prepared for the Pacific
Fisheries Resource Conservation Council, Vancouver, BC, by ESSA Technologies Ltd., Vancouver, BC.}},
  pages     =  {xii + 96~p}
}


@article{Pinkertonetal2019EBM,
  author       = {E. Pinkerton and A. Salomon and F. Dragon},
  year         = {2019},
  title        = {{Reconciling Social Justice and Ecosystem-Based Management: Balancing Community Rights and Resilient Ecosystems}},
  journal   = {{Canadian Journal of Fisheries and Aquatic Sciences.}},
  volume = {76(6)},
  pages     =  {1031-1039}
}


@article{PinkertonWeinstein1995,
  author       = {E. Pinkerton and M. Weinstein},
  year         = {1995},
  title        = {{Fisheries that work: Sustainability through community-based management}},
  journal   = {{David Suzuki Foundation}}
}


@article{Pinkertonetal2018CoMgmt,
  author       = {E. Pinkerton and M. Allain and D. Decker and K. Carew},
  year         = {2018},
  title        = {{Atlantic and Pacific Halibut Co-management Initiatives by Canadian Fishermen’s Organizations}},
  journal   = {{Fish and Fisheries}},
    volume = {19(6)},
  pages     =  {984-995}
  
}






###################################################################################
# SKEENA AND NASS ASSESSMENT



@article{SpilstedSpencer2009NCCSDB,
  author       = {B. Spilsted and B. Spencer},
  year         = {2009},
  title        = {Documentation of North Coast (Statistical Areas 1-6) Salmon Escapement Information},
  journal   = {{Can. Man. Rep. Fish. Aquat. Sci.}},
  volume = {2802},
  pages     =  {66~p}
}

@article{CoxRogersSpilsted2012Babine,
  author       = {S. Cox-Rogers and B. Spilsted},
  year         = {2012},
  title        = {{Update assessment of sockeye salmon production from Babine Lake, British Columbia}},
  journal   = {{Can. Tech. Rep. Fish. Aquat. Sci.}},
  volume = {2956},
  pages     =  {ix + 65~p}
}


@article{Woodetal1998Babine,
  author       = {C.C. Wood and D.T. Rutherford and D. Bailey and M. Jakubowski},
  year         = {1998},
  title        = {{Assessment of sockeye salmon production in Babine Lake, British Columbia with forecast for 1998}},
  journal   = {{Can. Tech. Rep. Fish. Aquat. Sci.}},
  volume = {2241},
  pages     =  {50~p}
}




@article{Englishetal2006CSAFW,
  author       = {K.K. English and D. Peacock and B. Spilsted},
  year         = {2006},
  title        = {{North and Central Coast Core Stock Assessment Program for Salmon}},
  journal   = {{Pacific Salmon Foundation and Fisheries and Oceans Canada}},
  pages     =  {ii + 78~p}
}

@article{Englishetal2012CUInd,
  author       = {K.K. English and T. Mochizuki and D. Robichaud},
  year         = {2012},
  title        = {{Review of North and Central Coast Salmon Indicator Streams and Estimating Escapement, Catch and Run Size for each Salmon Conservation Unit}},
  journal   = {{Pacific Salmon Foundation and Fisheries and Oceans Canada}},
  pages     =  {iv + 78~p}
}


@article{Englishetal2013StAD,
  author       = {K.K. English and C. Noble and A.C. Blakley},
  year         = {2013},
  title        = {{Skeena Sockeye In-river Run Reconstruction Analysis Model and Analysis Results for 1982-2009}},
  journal   = {Pacific Salmon Foundation},
  pages     =  {i + 41~p}
}


@article{GazeyEnglish2000NBRR,
  author       = {W.J. Gazey and K.K. English},
  year         = {2000},
  title        = {{Assessment of sockeye and pink salmon stocks in the northern
boundary area using run reconstruction techniques, 1982-95}},
  journal   = {Can. Tech. Report Fish. Aquat. Sci.},
  volume = {2320},
  pages     =  {132~p}
}




@article{Englishetal2004NBRR,
  author       = {K.K. English and W.J. Gazey and D. Peacock and G. Oliver},
  year         = {2004},
  title        = {{Assessment of the Canadian and Alaskan Sockeye Stocks Harvested in the Northern Boundary Fisheries using Run Reconstruction Techniques, 1982-2001 }},
  journal   = {Pacific Salmon Foundation},
  pages     =  {viii + 92~p}
}

@article{NBRRDeck2018,
  author       = {R. Alexander},
  year         = {2018},
  title        = {{Northern Boundary Sockeye Run Reconstructions 1982-2017}},
  journal   = {Presentation to the Northern Boundary Technical Committee, 9-10 Jan 2018}
}



@article{Englishetal2019NCCReview,
  author       = {Karl K. English and Dave Peacock and Wendell Challenger and Cameron Noble and Ian Beveridge and
David Robichaud and Katie Beach and Eric Hertz and Katrina Connors},
  year         = {2019},
  title        = {{North and Central Coast Salmon Escapement, Catch, Run Size and Exploitation Rate Estimates for each Salmon Conservation Unit for 1954-2017}},
  journal   = {Pacific Salmon Foundation},
  pages     =  {vi + 116~p}
}

@article{Englishetal2016ReviewEscIndicators,
  author       = {Karl K. English},
  year         = {2016},
  title        = {{Review of Escapement Indicator Streams for the North and Central Coast Salmon Monitoring Program}},
  journal   = {Pacific Salmon Foundation},
  pages     =  {vi + 51~p}
}



@article{Englishetal2017SSIRR,
  author       = {K.K. English and C. Noble and C. {Carr-Harris}},
  year         = {2017},
  title        = {{Skeena Sockeye In-river Run Reconstruction Analysis Model and Analysis Results for 1982-2017 }},
  journal   = {Pacific Salmon Commission Technical Report},
  volume = {13},
  pages     =  {i + 44~p}
}


@article{EnglishetalNCTagging,
  author       = {K.K. English and W.J. Gazey and C. J.A. Taylor},
  year         = {1984},
  title        = {{The 1983 North Coast Salmon Tagging Project. In: Gazey, W.J. and D.A. Birdsall (eds.). Design and execution of a stock interception study}},
  journal   = {Unpublished report for Fisheries and Oceans Canada},
  volume = {C},
  pages     =  {i + 115~p}
}






@article{Beveridgeetal2015GingitSea,
  author       = {I.A. Beveridge and W.D. Duguid and R.F. Alexander and R.C. Bocking and R.J. Bussanich and S. Cox-Rogers},
  year         = {2017},
  title        = {{Gingit Creek and Lower Nass River sea-type Sockeye Salmon }(\emph{Oncorhynchus nerka}){ escapement and stock characteristics: 1994 to 2015}},
  journal   = {Can. Manuscr. Rep. Fish. Aquat. Sci.},
  volume = {3121},
  pages     =  {ix + 61~p}
}




@article{DoireGottesfeld2011Creel,
  author       = {J. Doire and A.S. Gottesfeld},
  year         = {2011},
  title        = {{Sockeye Creel Study Skeena River 2011}},
  journal   = {Skeena Fisheries Commission Report},
  pages     =  {iv + 26~p}
}



#####################################################################################
# SKEENA AND NASS SPECIFIC REFS


@article{Mathewsetal2012NisgaaCtMon,
  author       = {Mathews,M.A., A.C. Blakley, R.C. Bocking, C.Y. Stephens, and N.S. Morven.},
  year         = {2012},
  title        = {{Nisga'a Salmon and Steelhead Catch Monitoring Program 2006-2011. Prepared for the Nisga'a Lisims Government, New Aiyansh}},
  journal   = {{Nisga’a Fisheries Report}},
  volume 	= {11-03},
  pages     =  { vii + 115~p}
}





@article{Stiffetal2015MeziadinFW,
  author       = {H.W. Stiff and K.D. Hyatt and M.M. Stockwell and S. Cox-Rogers and P. Hall and R. Alexanderand S.C. Kingshott and N. Percival and B. Stewart},
  year         = {2015},
  title        = {{Water temperature, river discharge, and adult Sockeye salmon migration observations in the Meziadin watershed, 1966-2012}},
  journal   = {{Can. Manuscr. Rep. Fish. Aquat. Sci.}},
  volume 	= {3019},
  pages     =  { v + 147 p}
}


@article{Beveridgeetal2015Kwinageese,
  author       = { I. A. Beveridge and R. F. Alexander and S. C. Kingshott and C. T. McCulloch},
  year         = {2020},
  title        = {{Estimating the abundance of adult Chinook Salmon returning to the Nass River, BC, using mark-recapture techniques, 2019}},
  journal   = {{Nisga’a Fisheries Report}},
  volume 	= {19-22},
  pages     =  { xii + 120 p}
}



@article{WhitmoreSlamgeeshFence,
  author       = {R. Whitmore},
  year         = {2019},
  title        = {{Slamgeesh Program Operation Support, Final Report to PSC, January 2019}},
  journal   = {{Gitksan Watershed Authorities Project Report}},
}





@article{NFWD2020,
  author       = {{Nisga’a Fisheries and Wildlife Department}},
  year         = {2020},
  title        = {{Nisga’a Fisheries Program: interim report of funded 2019 projects. Prepared by the Nisga’a Fisheries and Wildlife Department, Gitlaxt’aamiks, BC, for the Nisga’a-Canada-BC Joint Technical Committee}},
  journal   = {{Nisga’a Fisheries Report}},
  volume 	= {19-01},
  pages     =  { v + 65~p}
}


@article{BeachamWood1999,
  author       = {T.D. Beacham and C.C. Wood},
  year         = {1999},
  title        = {{Application of microsatellite DNA variation to estimation of stock composition and escapement of Nass River sockeye salmon (}\emph{Oncorhynchus nerka})},
  journal   = {Canadian Journal of Fisheries and Aquatic Sciences},
  volume    = {56},
  pages     = {297-310}
}

@article{Beachametal2014,
  author       = {T.D. Beacham and S. Cox-Rogers and C. MacConnachie and B. McIntosh  and C.G. Wallace},
  year         = {2014},
  title        = {Population Structure and Run Timing of Sockeye Salmon in the {Skeena River, British Columbia}},
  journal   = {North American Journal of
Fisheries Management},
  volume    = {34:2},
  pages     = {335-348}
}




@article{HalletalNassPaper,
  author       = {P.E.D. Hall and R.C. Bocking and J.M.B. Hume and D.T. Selbie and J.R. Candy and R.F. Alexander and A.S Gottesfeld},
  year         = {In Press},
  title        = {SUGGESTED{: 2014} Status Information for Nass River Sockeye Salmon (\emph{Oncorhynchus nerka}) },
  journal   = {Cdn Tech. Rep. Fish. Aqu. Sc. },
  volume    = {TBI},
  pages     = {TBI}
}



@article{PriceetalComment,
  author       = {M.H.H. Price and A.G.J. Rosenberger and G.G. Taylor and J.A. Stanford},
  year         = {2014},
  title        = {Comment: population structure and run timing of Sockeye Salmon in the Skeena River, British Columba},
  journal   = {North American Journal of Fisheries Management},
  volume    = {34:6},
  pages     = {1167-1170}
}


@article{BeachametalReply,
  author       = {T.D. Beacham and S. Cox-Rogers and C. MacConnachie and B. McIntosh  and C.G. Wallace},
  year         = {2014},
  title        = {Population Structure and Run Timing of Sockeye Salmon in the Skeena River, British Columbia: Response to Comment},
  journal   = {North American Journal of Fisheries Management},
  volume    = {34:6},
  pages     = {1171-1176}
}

@article{GottesfeldSkeenaBook,
  author       = {A.S. Gottesfeld and K.A. Rabnett},
  year         = {2008},
  title        = {{Conserving Skeena Fish Populations and their Habitat}},
  journal   = {Ecotrust},
  pages     =  {x + 339~p}
}



@article{ShepardWithlerSkeenaBM,
  author       = {M.P. Shepard and F.C. Withler},
  year         = {1958},
  title        = {{Spawning stock size and resultant production for Skeena sockeye}},
  journal   = {Journal of the Fisheries Research Board of Canada},
  volume    = {15},
  pages     =  {1007-1025}
}

@article{RickerSmithSkeenaBM,
  author       = {W.E. Ricker and H.D. Smith},
  year         = {1975},
  title        = { A revised interpretation of the history of the {S}keena {R}iver sockeye salmon \emph{Oncorhynchus nerka}},
  journal   = {Journal of the Fisheries Research Board of Canada},
  volume    = {32},
  pages     =  {1369-1381}
}


@article{CoxRogers2013SkeenaMemo,
  author       = {S. Cox-Rogers},
  year         = {2013},
  title        = { {Summary derivation and stock composition of the 900,000 and 400,000 Skeena sockeye escapement goal}},
  journal   = {DFO Memo}
}



@article{BockingetalMeziadinBM,
  author       = {R.C. Bocking and M.R. Link and B. Baxter and B. Nass and L. Jantz},
  year         = {2002},
  title        = { Meziadin Lake biological escapement goal and considerations for increasing yield of sockeye salmon \emph{Oncorhynchus nerka}},
  journal   = {DFO Can. Sci. Advis. Sec. Res. Doc.},
  volume    = {2002/124},
  pages     = {55p}
}


@article{Waltersetal2008ISRP,
  author       = {C.J. Walters and J.A. Lichatowich and R.M. Peterman, and J.D. Reynolds},
  year         = {2008},
  title        = { {Report of the Skeena Independent Science Review Panel.}},
  journal   = {Report to the Canadian Department of Fisheries and Oceans and the British Columbia Ministry of the Environment},
  pages     = {144~p.}
}





@article{CoxRogersetal2010,
  author       = {S. Cox-Rogers and J.M.B Hume and K.S. Shortreed and B. Spilsted},
  year         = {2010},
  title        = {{A Risk Assessment Model for Skeena River
Sockeye Salmon}},
  journal   = {Can. Manuscr. Rep. Fish. Aquat. Sci.},
  volume = {2920},
  pages     =  {ix + 61~p}
}



@article{Hawkshaw2018Diss,
  author       = {M.A. Hawkshaw},
  year         = {2018},
  title        = {Evaluating the impacts of current and alternative harvest strategies on salmon populations and fishing fleets using the Skeena River as a case study},
  journal   = {UBC Thesis},
  pages     = {viii + 60 p.}
}


@article{PacificSalmonExplorer,
  author       = {{Pacific Salmon Foundation}},
  year         = {2021},
  title        = {\link{https://www.salmonexplorer.ca}{Pacific Salmon Explorer: A data-driven look at Pacific Salmon and their habitat}}
}


#########################################################################
# SCALE BASED STOCK ID GENERAL

@article{Majoretal1970 ,
  author       = {R.L. Major and K.H. Mosher and J.E. Mason},
  year         = {1970},
  title        = {{Identification of Stocks of Pacific Salmon by Means of Scale Features} },
  journal   = {{In: Simon and Larkin. The stock concept in Pacific Salmon. Institute of Animal Resource Ecology, University of British Columbia}}
}

#######################################################################
# GSI METHODS - GENERAL


@article{Beachametal2001NorthPacGSI,
  author       = {T.D. Beacham and J.R. Candy and B. McIntosh and C. MacConnachie and A. Tabata and K. Kaukinen and KM Miller and R.E. Withler},
  year         = {2001},
  title        = {{Estimation of stock composition of sockeye salmon in the North Pacific Ocean}},
  journal   = {North Pacific Anadromous Fish Commission Document},
  volume    = {552},
  pages     = {1274–1290}
}

@article{Beachametal2010MSatSNP,
  author       = {T.D. Beacham and B. McIntosh and C.G. Wallace},
  year         = {2010},
  title        = {{A comparison of stock and individual identification for sockeye salmon (\emph{Oncorhynchus nerka}) {in British Columbia} provided by microsatellites and single nucleotide polymorphisms }},
  journal   = {Canadian Journal of Fisheries and Aquatic Sciences},
  volume    = {67},
  pages     = {1274–1290}
}


@article{Beachametal2011MSatSNP,
  author       = {T.D. Beacham and B. McIntosh and C.G. Wallace},
  year         = {2011},
  title        = {{A comparison of polymorphism of genetic markers and population sample sizes required for mixed-stock analysis of sockeye salmon (}\emph{Oncorhynchus nerka}{) in British Columbia}},
  journal   = {Canadian Journal of Fisheries and Aquatic Sciences},
  volume    = {68(3)},
  pages     = {550-556}
}

@article{Beachametal1998BarkleyGSI,
  author       = {T.D. Beacham and L. Margolis and R.J. Nelson},
  year         = {1998},
  title        = {{A comparison of methods of stock identification for sockeye salmon}
(\emph{Oncorhynchus nerka}{) in Barkley Sound, British Columbia }},
  journal   = {North Pacific. Anadromous Fish. Comm. Bull.},
  volume    = {1},
  pages     = {227–239}
}


@article{Withleretal2000,
  author       = {R.E. Withler and K.D. Le and R.J. Nelson and K.M. Miller and T.D. Beacham},
  year         = {2000},
  title        = {{Intact genetic structure and high levels of genetic diversity
in bottlenecked sockeye salmon, } \emph{Oncorhynchus nerka},{ populations of the Fraser River, British Columbia, Canada}},
  journal   = {Can. J. Fish. Aquat. Sci},
  volume    = {57},
  pages     = {1985-1998}
}


@article{Withleretal2014,
  author       = {R.E. Withler and D.S. O’Brien and N.M. Watson and K.J. Supernault},
  year         = {2014},
  title        = {{Maintenance of genetic diversity in natural spawning of
captively-reared endangered Sockeye Salmon},\emph{Oncorhynchus nerka}},
  journal   = {Diversity},
  volume    = {6},
  pages     = {354-3791985-1998}
}



@article{Ruzzante1998,
  author       = {D.E. Ruzzante},
  year         = {2014},
  title        = {{A comparison of several measures of genetic distance and population structure with microsatellite data: bias and sampling variance}},
  journal   = {Can. J. Fish. Aquat. Sci},
  volume    = {55},
  pages     = {1-14}
}

@article{BeachamWithlerSeaType,
  author       = {T.D. Beacham and R.E. Withler},
  year         = {2017},
  title        = {{Population structure of sea-type and lake-type sockeye salmon and kokanee in the Fraser River and Columbia River drainages}},
  journal   = {PLoS ONE},
  volume    = {12(9)},
  pages     = {e0183713}
}


@article{Beachametal2004transboundary,
  author       = {T. D. Beacham and B. McIntosh and C. MacConnachie},
  year         = {2004},
  title        = {{Population structure of lake-type and river-type sockeye
salmon in transboundary rivers of northern British Columbia}},
  journal   = {Journal of Fish Biology},
  volume    = {65},
  pages     = {389–402}
}





@article{Winansetal1998,
  author       = {G.A. Winans and P.B. Aebersold and Y. Ishida and S. Urawa},
  year         = {1998},
  title        = {{Genetic stock identification of chum salmon in highseas test
fisheries in the Western North Pacific Ocean and Bering Sea}},
  journal   = {North Pacific Anadronous Fish Commission Bulletin},
  volume    = {1},
  pages     = {220-226}
}



@article{WoodetalLifeHist1987,
  author       = {C.C Wood and B.E. Riddell and D.T. Rutherford},
  year         = {1987},
  title        = {{Alternative juvenile life histories of sockeye salmon (}\emph{Oncorhynchus nerka}{) and their contribution to production in the Stikine River, northern British Columbia}},
  journal   = {{In: Smith, H. D., Margolis, L., and Wood, C.C. (editors) Sockeye salmon }\emph{(Oncorhynchus nerka)}{population biology and future management. Can. Spec. Pub. Fish. Aquat. Sci}},
  volume    = {96},
  pages     = {12-24}
}

@article{West1987,
  author       = {C.J. West and J.C. Mason},
  year         = {1987},
  title        = {{Evaluation of Sockeye Salmon (}\emph{Oncorhynchus nerka}{) production from the Babine Lake Development Project}},
  journal   = {{In: Smith, H. D., Margolis, L., and Wood, C.C. (editors) Sockeye salmon }\emph{(Oncorhynchus nerka)}{population biology and future management. Can. Spec. Pub. Fish. Aquat. Sci}},
  volume    = {96},
  pages     = {179-190}
}


@article{WoodLifeHist1995,
  author       = {C.C Wood},
  year         = {1995},
  title        = {{Life history variation and population structure in sockeye salmon}},
  journal   = {{Am. Fish. Soc. Symp.}},
  volume    = {17},
  pages     = {195–216}
}


@article{WoodetalLifeHist2008,
  author       = {C.C. Wood and J.W. Bickham and R.J. Nelson and C.J. Foote and J.C. Patton},
  year         = {2008},
  title        = {{Recurrent evolution of life history ecotypes in sockeye salmon: implications for conservation and future evolution}},
  journal   = {{Evol. Appl.}},
  volume    = {1},
  pages     = {207–221}
}


###CCH ADDED REGIONAL COVARIATION AND OCEAN COMPETITION

@article{RuggeroneConnorsSxcomp,
author = {Gregory T. Ruggerone  and Brendan M. Connors},
year = {2015},
title = {{Productivity and life history of sockeye salmon in relation to competition with pink and sockeye salmon in the North Pacific Ocean}},
journal = {Canadian Journal of Fisheries and Aquatic Sciences},
volume = {72},
pages = {818-833}

}


@article{PyperetalSpatialCov,
author = {Brian J. Pyper and Franz J. Mueter  and Randall M. Peterman and David J Blackbourn and Chris C. Wood },
year = {2001},
title = {{Spatial covariation in survival rates of Northeast Pacific pink salmon (}\emph{Oncorhynchus gorbuscha}{)}},
journal = {Canadian Journal of Fisheries and Aquatic Sciences},
volume = {58},
pages = {1501-1515},
}

@article{DorneretalCov,
author = {Brigitte Dorner and Matthew J. Catalano and Randall M. Peterman },
year = {2018},
title = {Spatial and temporal patterns of covariation in productivity of Chinook salmon populations of the northeastern Pacific Ocean},
journal = {Canadian Journal of Fisheries and Aquatic Sciences},
volume = {75},
pages = {1082-1095}
}

@article{AdkisonAlternativeModClimate,
author = {M.D. Adkison and R.M. Peterman and M.F. Lapointe  and D.M. Gillis and  J. Korman},
year = {1996},
title = {{Alternative models of climatic effects on sockeye salmon, }\emph{Oncorhynchus nerka}{, productivity in Bristol Bay, Alaska, and the Fraser River, British Columbia}},
journal = {Fisheries Oceanography},
volume = {5},
number = {3-4},
pages = {137-152}
}

@article{HendersonCass,
author = {M. A. Henderson and A. J. Cass },
year = {1991},
title = {{Effect of Smolt Size on Smolt-to-Adult Survival for Chilko Lake Sockeye Salmon (}\emph{Oncorhynchus nerka}{)}},
journal = {Canadian Journal of Fisheries and Aquatic Sciences},
volume = {48},
pages = {988-994}
}

@article{Peterman1982,
author = {R.M. Peterman},
year = {1982},
title = {{Nonlinear relations between smolts and adults in Babine Lake sockeye (}\emph{Oncorhynchus nerka}{) and implications for other salmon populations}},
journal = {Canadian Journal of Fisheries and Aquatic Sciences},
volume = {39},
pages = {904-913}
}

@article{WestLarkin,
author = {C.J. West and P.A. Larkin },
year = {1987},
title = {{Evidence for size-selective mortality of juvenile sockeye salmon (}\emph{Oncorhynchus nerka}{) in Babine Lake, British Columbia}},
journal = {Canadian Journal of Fisheries and Aquatic Sciences},
volume = {44},
pages = {712-721}
}

@article{Staton2021,
author = {Benjamin A. Staton and Matthew J. Catalano and Steven J. Fleischman and J. Ohlberger},
year = {2021},
title = {{Incorporating demographic information into spawner–recruit analyses alters biological reference point estimates for a western Alaska salmon population}},
journal = {Canadian Journal of Fisheries and Aquatic Sciences},
volume = {78},
number = {12},
pages = {1755-1769}
}



@article{Barrett2008,
author = {R.D.H. Barrett and D. Schluter},
year = {2008},
title = {Adaptation from standing genetic variation},
journal = {Trends in Ecology & Evolution},
volume = {23-1},
pages = {38-44}
}


@article{Satterthwaite2014,
author = {W.H. Satterthwaite and S.M. Carlson and S.D. Allen-Moran and S. Vincenzi S. and S.J. Bograd and B.K. Wells },
year = {2014},
title = { {Match-mismatch dynamics and the relationship between ocean-entry timing and relative ocean recoveries of Central Valley fall run Chinook salmon}},
journal = {Marine Ecology Progress Series},
volume = {511},
pages = {237-248}
}

@article{Beamish2012,
author = { R. J.   Beamish and  C. Neville and R. Sweeting and K. Lange},
year  = {2012},
title = {{The Synchronous Failure of Juvenile Pacific Salmon and Herring Production in the Strait of Georgia in 2007 and the Poor Return of Sockeye Salmon to the Fraser River in 2009}},
journal = {Marine and Coastal Fisheries},
number = {1},
pages = {403-414}
}



 
#################################
# Northern Boundary Tech Comm


@article{NBTC2020,
  author       = {{Northern Boundary Technical Committee}},
  year         = {2020},
  title        = {{U.S./Canada Northern Boundary Area
2018 Salmon Fisheries Management Report and 2019 Preliminary Expectations}},
  journal   = {Pacific Salmon Commission TCNB},
  volume    = {20-1},
  pages     = {xi + 64~p}
}


@article{NBTC2005GSI,
  author       = {{Northern Boundary Technical Committee}},
  year         = {2005},
  title        = {{Stock composition estimates and indidivdual stock assignments based on genetic microsatellites and scale patterns for test mixtures of Alaskan and Canadian Sockeye salmon}},
  journal   = {Pacific Salmon Commission TCNB},
  volume    = {05-2},
  pages     = {vii + 32~p}
}


@article{smuref,
  author       = {DFO},
  year         = {2022},
  title        = {\link{https://www.pac.dfo-mpo.gc.ca/pacific-smon-pacifique/science/research-recherche/smon-outlook-perspective-eng.html}{{A Preliminary Salmon Outlook}}}
}




####################################
# Management





@article{NCIFMP2019,
  author       = {{DFO}},
  year         = {2019},
  title        = {{Salmon Northern BC June 1, 2019 - May 31, 2020.}},
  journal   = {Integrated Fisheries Management Plan},
  volume    = {20-1},
  pages     = {xi + 64~p}
}



###########################################
# LAKE SURVEYS


@article{KoeningsBurkett1987 ,
  author       = {J.P. Koenings and R.D. Burkett},
  year         = {1979},
  title        = {{Population characteristics of sockeye salmon(}{\emph{(Oncorhynchus nerka)}}{ smolts relative to temperature regimes, euphotic volume, fry density and forage base within Alaskan lakes. In: H.D. Smith, L. Margolis, and C.C. Wood [ed.].Sockeye Salmon (Oncorhynchus nerka) population biology and future management.}},
  journal   = {Can. Spec.  Publ. Fish. Aquat. Sci.},
  volume    = {96},
  pages     = {486~p}
}




@article{Shortreedetal2000PRModel,
  author       = {K.S. Shortreed and J.M.B. Hume and J.G. Stockner},
  year         = {2000},
  title        = {{Using photosynthetic rates to estimate the juvenile sockeye salmon rearing capacity of British Columbia lakes}},
  journal   = {{In E.E. Knudsen, C.R. Steward, D.D. MacDonald, J.E. Williams, and D.W. Reiser [eds.]. Sustainable Fisheries
Management: Pacific Salmon. CRC Press LLC, Boca Raton, New York.}},
  pages     = {p. 505-521}
}



@article{Shortreedetal1998Skeena,
  author       = {K.S. Shortreed and J.M.B. Hume and K.F. Morton and S.G. MacLellan},
  year         = {1998},
  title        = {{Trophic status and rearing capacity of smaller sockeye nursery lakes in the Skeena River system}},
  journal   = {Can. Tech. Rep. Fish. Aquat. Sci.},
  volume    = {2240},
  pages     = {78~p}
}



@article{Shortreedetal2001LimitingFactors,
  author       = {K.S. Shortreed and K.F. Morton and K. Malange and J.M.B. Hume},
  year         = {2001},
  title        = {{Factors limiting juvenile sockeye production and enhancement potential for selected BC nursery lakes}},
  journal   = {DFO Can. Sci. Advis. Sec. Res. Doc.},
  volume    = {2001/098},
  pages     = {69~p}
}



@article{StocknerShortreed1979,
  author       = {J.G. Stockner and K.S. Shortreed},
  year         = {1979},
  title        = {{Limnological surveys of 13 sockeye salmon (}{\emph{(Oncorhynchus nerka)}}{nursery lakes in British Columbia}},
  journal   = {Fish. Mar. Serv. Tech. Rep.},
  volume    = {865},
  pages     = {125~p}
}

@article{Grantetal2011,
  author       = {S.C.H. Grant and MacDonald, B.L. and Cone, T.E., and Holt, C.A. and Porzt, E.J. and Hume, J.M.B. and Pon, L.B.},
  year         = {2011},
  title        = {{Evaluation of uncertainty in Fraser Sockeye (Onchorynchus nerka) Wild Salmon Policy Status using abundance and trends in abundance metrics}},
  journal   = {DFO Can. Sci. Advis. Res. Doc.},
  volume = {2011/087},
  pages     =  {}
}

@article{Grantetal2013FC,
  author       = {S.C.H. Grant and B.L. MacDonald},
  year         = {2013},
  title        = {{Pre-season run size forecasts for Fraser River Sockeye (}{\emph{Oncorhynchus nerka}}{) and Pink(}{\emph{O. gorbuscha}}{) Salmon in 2013}},
  journal   = {DFO Can. Sci. Advis. Res. Doc.},
  volume = {2012/145},
  pages     =  {vi~+~42~p.}
}



@article{SkeenaLakesSurv2016,
  author       = {J. Doire and C. {Carr-Harris}},
  year         = {2017},
  title        = {{Skeena Sockeye Lakes
Hydroacoustic Surveys 2016}},
  journal   = {Pacific Salmon Commission Northern Fund Report},
  volume    = {N16-I09},
  pages     = {44~p}
}

@article{MGLSkeNassmsatbenchmark,
  author       = {Fisheries and Oceans Canada}},
  year         = {2021},
  title        = {{sockeye_bsk_msat_Skeena_Nass_v1.0.0_2021-04-17}},
  journal   = {Fisheries and Oceans Canada Report},
  volume    = {},
  pages     = {14~p}
}



Carr-Harris & Doire 2017




Carr-Harris 2009
Carr-Harris 2010
Carr-Harris 2011
Carr-Harris 2012
Carr-Harris & Doire 2013
Carr-Harris & Doire 2014
Carr-Harris & Doire 2015
Carr-Harris & Doire 2016
Carr-Harris & Doire 2017
Diore (2013)
Diore (2014)
Doire 2018
Doire 2019
Hall and Carr-Harris (2008)
Maclellan and Hume (2011)
Hilborn (1992)
Peterman (1982)






